@article{Weisstein,
author = {Weisstein, Eric W.},
journal = {MathWorld},
title = {{Double-Angle Formulas}},
url = {https://mathworld.wolfram.com/Double-AngleFormulas.html}
}
